<record><leader>00000cas a2200000 a 4500</leader><controlfield tag="001">10731676</controlfield><controlfield tag="008">840514c19799999pr bx ne      0   b0spa c</controlfield><datafield ind1=" " ind2=" " tag="010"><subfield code="a">sc 85004649 </subfield><subfield code="z">sn 84002161 </subfield></datafield><datafield ind1=" " ind2=" " tag="040"><subfield code="a">FUG</subfield><subfield code="b">eng</subfield><subfield code="c">FUG</subfield><subfield code="d">NSD</subfield><subfield code="d">DLC</subfield><subfield code="d">OCLCQ</subfield><subfield code="d">OCLCF</subfield><subfield code="d">OCLCO</subfield></datafield><datafield ind1=" " ind2=" " tag="012"><subfield code="i">8412</subfield><subfield code="m">1</subfield></datafield><datafield ind1="0" ind2=" " tag="022"><subfield code="a">8750-5428</subfield><subfield code="l">8750-5428</subfield><subfield code="2">1</subfield></datafield><datafield ind1="1" ind2=" " tag="029"><subfield code="a">AU@</subfield><subfield code="b">000025727319</subfield></datafield><datafield ind1=" " ind2=" " tag="032"><subfield code="a">437620</subfield></datafield><datafield ind1=" " ind2=" " tag="037"><subfield code="b">Public Relations Office, Inter American Univ. of Puerto Rico, GPO Box 3255, San Juan, PR 00936</subfield></datafield><datafield ind1=" " ind2=" " tag="042"><subfield code="a">nsdp</subfield><subfield code="a">pcc</subfield></datafield><datafield ind1=" " ind2=" " tag="043"><subfield code="a">nwpr---</subfield></datafield><datafield ind1="1" ind2=" " tag="082"><subfield code="a">378</subfield><subfield code="2">11</subfield></datafield><datafield ind1=" " ind2=" " tag="090"><subfield code="a">LE15.P65</subfield><subfield code="b">A4</subfield></datafield><datafield ind1="0" ind2=" " tag="130"><subfield code="a">Interamericana (Ri&#769;o Piedras, San Juan, P.R.)</subfield></datafield><datafield ind1="0" ind2=" " tag="210"><subfield code="a">Interamericana</subfield><subfield code="b">(Ri&#769;o Piedras P.R.)</subfield></datafield><datafield ind1=" " ind2="0" tag="222"><subfield code="a">Interamericana</subfield><subfield code="b">(Ri&#769;o Piedras, P.R.)</subfield></datafield><datafield ind1="0" ind2="0" tag="245"><subfield code="a">Interamericana :</subfield><subfield code="b">el perio&#769;dico oficial de la Universidad Interamericana.</subfield></datafield><datafield ind1=" " ind2=" " tag="260"><subfield code="a">[Ri&#769;o Piedras, P.R.] :</subfield><subfield code="b">Universidad Interamericana de Puerto Rico,</subfield><subfield code="c">[1979-</subfield></datafield><datafield ind1=" " ind2=" " tag="300"><subfield code="a">v. :</subfield><subfield code="b">ill. ;</subfield><subfield code="c">38 cm.</subfield></datafield><datafield ind1=" " ind2=" " tag="310"><subfield code="a">Seven issues yearly</subfield></datafield><datafield ind1="0" ind2=" " tag="362"><subfield code="a">Vol. 1, nu&#769;m. 1 (oct. 1979)-</subfield></datafield><datafield ind1=" " ind2=" " tag="500"><subfield code="a">Title from caption.</subfield></datafield><datafield ind1="2" ind2="0" tag="610"><subfield code="a">Inter American University of Puerto Rico.</subfield></datafield><datafield ind1="2" ind2="7" tag="610"><subfield code="a">Inter American University of Puerto Rico.</subfield><subfield code="2">fast</subfield><subfield code="0">(OCoLC)fst00514743</subfield></datafield><datafield ind1="2" ind2=" " tag="710"><subfield code="a">Inter American University of Puerto Rico.</subfield></datafield><datafield ind1=" " ind2=" " tag="850"><subfield code="a">FU</subfield></datafield><datafield ind1=" " ind2=" " tag="936"><subfield code="a">Unknown</subfield><subfield code="a">Mar. 1984</subfield></datafield></record>